@inproceedings{okman2011security,
  title={Security issues in nosql databases},
  author={Okman, Lior and Gal-Oz, Nurit and Gonen, Yaron and Gudes, Ehud and Abramov, Jenny},
  booktitle={10th International Conference on Trust, Security and Privacy in Computing and Communications (TrustCom)},
  pages={541--547},
  year={2011},
  organization={IEEE}
}

@inproceedings{borthakur2011apache,
  title={Apache Hadoop goes realtime at Facebook},
  author={Borthakur, Dhruba and Gray, Jonathan and Sarma, Joydeep Sen and Muthu{\-}kka{\-}ruppan, Kannan and Spiegelberg, Nicolas and Kuang, Hairong and Ranganathan, Karthik and Molkov, Dmytro and Menon, Aravind and Rash, Samuel and others},
  booktitle={Proceedings of the 2011 ACM SIGMOD International Conference on Management of data},
  pages={1071--1080},
  year={2011},
  organization={ACM}
}

@article{mercier2010survey,
  title={A survey of error-correcting codes for channels with symbol synchronization errors},
  author={Mercier, Hugues and Bhargava, Vijay K and Tarokh, Vahid},
  journal={IEEE Communications Surveys \& Tutorials},
  volume={12},
  number={1},
  pages={87--96},
  year={2010},
  publisher={IEEE}
}

@inproceedings{ghani2000using,
  title={Using error-correcting codes for text classification},
  author={Ghani, Rayid},
  booktitle={ICML},
  pages={303--310},
  year={2000},
  organization={Citeseer}
}

@inproceedings{elaoud1998adaptive,
  title={Adaptive use of error-correcting codes for real-time communication in wireless networks},
  author={Elaoud, Moncef and Ramanathan, Parameswaran},
  booktitle={Proceedings. IEEE INFOCOM'98, the Conference on Computer Communications. Seventeenth Annual Joint Conference of the IEEE Computer and Communications Societies. Gateway to the 21st Century (Cat. No. 98},
  volume={2},
  pages={548--555},
  year={1998},
  organization={IEEE}
}

@article{erlich2017dna,
  title={DNA Fountain enables a robust and efficient storage architecture},
  author={Erlich, Yaniv and Zielinski, Dina},
  journal={science},
  volume={355},
  number={6328},
  pages={950--954},
  year={2017},
  publisher={American Association for the Advancement of Science}
}

@article{erlich2017dnasupplementary,
  title={Supplementary Materials for DNA Fountain enables a robust and efficient storage architectureDNA Fountain enables a robust and efficient storage 	architecture},
  author={Erlich, Yaniv and Zielinski, Dina},
  journal={science},
  volume={355},
  number={6328},
  pages={950--954},
  year={2017},
  publisher={American Association for the Advancement of Science}
}

@article{mackay2005fountain,
  title={Fountain codes},
  author={MacKay, David JC},
  journal={IEE Proceedings-Communications},
  volume={152},
  number={6},
  pages={1062--1068},
  year={2005},
  publisher={IET}
}

@article{dong2020dna,
  title={DNA storage: research landscape and future prospects},
  author={Dong, Yiming and Sun, Fajia and Ping, Zhi and Ouyang, Qi and Qian, Long},
  journal={National Science Review},
  volume={7},
  number={6},
  pages={1092--1107},
  year={2020},
  publisher={Oxford University Press}
}

@article{yao2016poisson,
  title={Poisson robust soliton distribution for LT codes},
  author={Yao, Weiqing and Yi, Benshun and Huang, Taiqi and Li, Weizhong},
  journal={IEEE Communications Letters},
  volume={20},
  number={8},
  pages={1499--1502},
  year={2016},
  publisher={IEEE}
}


@article{sklar2001reed,
  title={Reed-solomon codes},
  author={Sklar, Bernard},
  journal={Downloaded from URL http://www. informit. com/content/images/art. sub.--sklar7. sub.--reed-solomo-n/elementLinks/art. sub.--sklar7. sub.--reed-solomon. pdf},
  pages={1--33},
  year={2001}
}